%
%  Vzor bibliografické databáze pro automatickou tvorbu seznamu referencí
%  pomocí BibTeXu
%
%  Doporučený software pro správu databáze literatury formátu *.bib:
%    JabRef, http://jabref.sourceforge.net/
%
%  POZOR:
%
%    *  Písmena v názvech publikací, jež je třeba tisknout vždy velká, se musejí psát
%       do složených závorek ({T}hailand, {HIV})
%
%  ===========================================================================

@article{muschevici2008multiple,
  title={Multiple dispatch in practice},
  author={Muschevici, Radu and Potanin, Alex and Tempero, Ewan and Noble, James},
  journal={ACM SIGPLAN Notices},
  volume={43},
  number={10},
  pages={563--582},
  year={2008},
  publisher={ACM New York, NY, USA}
}

@inproceedings{demers1995reflection,
  title={Reflection in logic, functional and object-oriented programming: a short comparative study},
  author={Demers, Fran{\c{c}}ois-Nicola and Malenfant, Jacques},
  booktitle={Proceedings of the IJCAI},
  volume={95},
  pages={29--38},
  year={1995},
  organization={Citeseer}
}

@InProceedings{bayser2012system,
author="de Bayser, Maximilien
and Cerqueira, Renato",
editor="de Carvalho Junior, Francisco Heron
and Barbosa, Luis Soares",
title="A System for Runtime Type Introspection in {C}++",
booktitle="Programming Languages",
year="2012",
publisher="Springer Berlin Heidelberg",
address="Berlin, Heidelberg",
pages="102--116",
abstract="Many object-oriented languages support some kind of runtime introspection that allows programmers to navigate through meta-data describing the available classes, their attributes and methods. In general, the meta-data can be used to instantiate new objects, manipulate their attributes and call their methods. The meta-programming enabled by this kind of reflection has proven itself useful in a variety of applications such as object-relational mappings and inversion-of-control containers and test automation",
isbn="978-3-642-33182-4"
}

@misc{jetbrains,
  author={JetBrains},
  year={2020},
  title={The State of Developer Ecosystem 2020},
  howpublished={\url{https://www.jetbrains.com/lp/devecosystem-2020}},
  note={Prístup: 9. 7. 2021}
}

@mastersthesis{loikkanen,
  title={Property systems in graphics frameworks},
  author={Loikkanen, Tatu},
  year={2019},
  type={Bachelor's thesis},
  school={Tampere University}
}

@mastersthesis{brautigam,
  title={Expedient logging for C++ using reflection},
  author={Br{\"a}utigam, Klaus},
  year={2015},
  type={Diploma thesis},
  school={TU Wien}
}
